@book{97bookalgebra,
 author = {Demmel, James W.},
 title = {Applied Numerical Linear Algebra},
 year = {1997},
 publisher = {Society for Industrial and Applied Mathematics},
 address = {Philadelphia, PA, USA},
}

@Article{95ETNAbisecion,
  author =       {James W. Demmel and Inderjit Dhillon and Huan Ren},
  title =        {On the correctness of some bisection-like parallel
                 eigenvalue algorithms in floating point arithmetic},
  journal =      {Electronic Transactions on Numerical Analysis},
  volume =       {Volume 3},
  pages =        {pp. 116--149},
  year =         {1995},
}

@article{65SIAM,
  author = {Golub, G. and Kahan, W.},
  biburl = {http://www.bibsonomy.org/bibtex/25b1464036866532034d1c0f4d7c417a2/folke},
  journal = {SIAM Journal for Numerical Analysis},
  title = {Calculating the Singular Values and Pseudo-Inverse of a Matrix},
  year = 1965
}

@book{06bookhandbook,
    author = {Hogben, Leslie},
    day = {02},
    edition = {1},
    howpublished = {pdf},
    month = nov,
    priority = {2},
    publisher = {Chapman \& Hall/CRC},
    series = {(Discrete Mathematics and Its Applications)},
    title = {{Handbook of Linear Algebra}},
    year = {2006}
}

@article{09NLAAtwisted,
  author = {Xu, W. and Qiao, S.},
  title = {A twisted factorization method for symmetric SVD of a complex symmetric tridiagonal matrix},
  journal = {Numer. Linear Algebra Appl.},
  volume =       {16},
  pages =        {pp. 801--815},
  year = 2009
}

@MISC{05UCB,
    author = {Paul R. Willems and Bruno Lang and Christof and V Ömel},
    title = {LAPACK WORKING NOTE 166: COMPUTING THE BIDIAGONAL SVD USING MULTIPLE RELATIVELY ROBUST REPRESENTATIONS},
    url = {http://www.netlib.org/lapack/lawnspdf/lawn166.pdf},
    year = 2005
}

@inproceedings{09IPDPSQR,
  author = {Lahabar, Sheetal and Narayanan, P. J.},
  booktitle = {IPDPS},
  pages = {1-10},
  publisher = {IEEE},
  title = {Singular value decomposition on GPU using CUDA.},
  year = 2009
}

@inproceedings{13CFDC,
 author = {Liu, Ding and Li, Ruixuan and Lilja, David J. and Xiao, Weijun},
 title = {A Divide-and-conquer Approach for Solving Singular Value Decomposition on a Heterogeneous System},
 booktitle = {Proceedings of the ACM International Conference on Computing Frontiers},
 year = {2013},
 pages = {36:1--36:10},
} 

@article{14arxivjacobi,
  author    = {Vedran Novakovic},
  title     = {A hierarchically blocked Jacobi {SVD} algorithm for single and multiple graphics processing units},
  journal   = {CoRR},
  volume    = {abs/1401.2720},
  year      = {2014},
  url       = {http://arxiv.org/abs/1401.2720v2},
}

@MISC{cublas,
    title = {NVIDIA CUDA CUBLAS Library},
    url = {http://www.cs.cmu.edu/afs/cs/academic/class/ 15668-s11/www/cuda-doc/CUBLAS\_Library.pdf},
    year = 2010
}

@INPROCEEDINGS{cula,
    author = {John R. Humphrey and Daniel K. Price and Kyle E. Spagnoli and Aaron L. Paolini and Eric J. Kelmelis},
    title = {Cula: Hybrid gpu accelerated linear algebra routines},
    booktitle = {in SPIE Defense and Security Symposium (DSS)},
    year = {2010}
}

@inproceedings{magma,
author      = {Agullo, E. and Demmel, J. and Dongarra, J. and Hadri, B. and Kurzak, J. and Langou, J. and Ltaief, H. and Luszczek, P. and Tomov, S.},
title       = {Numerical linear algebra on emerging architectures: The PLASMA and MAGMA projects},
booktitle   = {Journal of Physics: Conference Series},
volume      = {180},
year        = {2009}
}

@MISC{mkl,
    title = {Reference Manual for Intel® Math Kernel Library 11.1},
    url = {https://software.intel.com/en-us/intel-mkl},
}

@inproceedings{58iter1,
author      = {Hestenes, M.R.},
title       = {Inversion of Matrices by Biorthonalization and Related Results},
booktitle   = {J. Soc. Indust. Appl. Math.},
volume      = {6},
pages       = {51-90},
year        = {1958}
}

@article{90iter2,
  author = {Demmel, James and Kahan, W.},
  journal = {SIAM J. Sci. Stat. Comput},
  pages = {873--912},
  title = {Accurate Singular Values of Bidiagonal Matrices},
  volume = 11,
  year = 1990
}

@article{65iter3,
  author = {Golub, G. and Kahan, W.},
  title = {Calculating the Singular Values and Pseudo-Inverse of a Matrix},
  journal = {SIAM J. Num. Anal. (Series B)},
  year = {1965}
}

@techreport{94DCSVD,
  author = {M. Gu AND J. Demmel AND Inderjit S. Dhillon},
  title = {Efficient Computation of the Singular Value Decomposition with Applications to Least Squares Problems},
  year = {1994},
  month = {OCT},
}

@article{gershgorin,
     title = {Gershgorin's Theorem and the Zeros of Polynomials},
     author = {Bell, Howard E.},
     journal = {The American Mathematical Monthly},
     volume = {72},
     number = {3},
     pages = {pp. 292-295},
     year = {1965},
    }

@article{08power,
  author = {Gubernatis, James E. and Booth, Thomas E.},
  journal = {J. Comput. Physics},
  number = 19,
  pages = {8508-8522},
  title = {Multiple extremal eigenpairs by the power method},
  volume = 227,
  year = 2008
}

@article{11iterative,
  author    = {Panju, M.},
  title     = {Iterative Methods for Computing Eigenvalues and Eigenvectors},
  journal   = {CoRR},
  volume    = {abs/1105.1185},
  year      = {2014},
  url       = {http://arxiv.org/abs/1105.1185v1},
}

@article{10householder,
  author    = {Cabrera, R.  Strohecker, T. and Rabitz, H.},
  title     = {The Canonical Coset Decomposition of Unitary Matrices through Householder Transformations},
  journal   = {Journal of Mathematical Physics},
  volume    = {51 (8)},
  year      = {2010},
}

@MISC{99clustering,
    author = {Drineas Alan Frieze and P. Drineas and Ravi Kannan and Santosh Vempala and V. Vinay},
    title = {Clustering in Large Graphs and Matrices},
    journal = {ACM-SIAM Symposium of Discrete Algorihtms},
    year = {1999}
}

@inproceedings{LiuHouseholder,
 author = {Liu, Fangbin and Seinstra, Frank J.},
 title = {GPU-based Parallel Householder Bidiagonalization},
 booktitle = {Proceedings of the 19th ACM International Symposium on High Performance Distributed Computing},
 series = {HPDC '10},
 year = {2010},
 isbn = {978-1-60558-942-8},
 location = {Chicago, Illinois},
 pages = {288--291},
 numpages = {4},
 url = {http://doi.acm.org/10.1145/1851476.1851512},
 doi = {10.1145/1851476.1851512},
 acmid = {1851512},
 publisher = {ACM},
 address = {New York, NY, USA},
 keywords = {CUDA, householder bidiagonalization, many-core, matrix factorization},
} 

